@article{higgsproperties,
      author         = "Heinmeyer et al., S ",
      title          = "{Handbook of LHC Higgs Cross Sections: 3. Higgs Properties}",
      journal        = "Report CERN-2013-004",
      year           = "2013",
      doi            = "10.5170/CERN-2013-004"
      
}

@article{handbook1,
      author         = "CMS",
      title          = "{Handbook of LHC Higgs cross sections: 1. Inclusive observables}",
      journal        = "Report CERN–2011–002",
      year           = "2011",
      doi            = arXiv:1011.0593
}

@article{artigo,
      author         = "CMS",
      title          = "{Evidence for the Higgs boson decay to a bottom quark-antiquark pair}",
      journal        = "CMS-HIG-16-044",
      year           = "2017",
      doi            = "arXiv:1709.07497"
}

@article{bdt,
      author         = "Roe et al., B",
      title          = "{Boosted Decision Trees as an Alternative to Artificial Neural Networks for Particle Identification}",
      journal        = " Nucl. Inst. & Meth. A",
      year           = "2004",
      doi            = "arXiv:physics/0408124"
}

@misc{bworld,
  author = {Jakobs et al., K},
  title = {{The Higgs Boson Discovery}},
  howpublished = "\url{http://www.scholarpedia.org/article/The_Higgs_Boson_discovery}",
  year = {2015}, 
  note = "[Online]"
}

@article{cmsdetector,
      author         = "CMS",
      title          = "{The CMS experiment at the CERN LHC}",
      journal        = "JINST 3",
      year           = "2008",
      doi            = doi:10.1088/1748-0221/3/08/S08004
}

@article{higgsatlas,
      author         = "ATLAS",
      title          = "{Search for the bb decay of the Standard Model Higgs boson in associated (W/Z)H production with the ATLAS detector}",
      journal        = "JHEP 01 069",
      year           = "2015",
      doi            = arXiv:1409.6212
}

@article{higgscms,
      author         = "CMS",
      title          = "{Search for the standard model Higgs boson produced in association with a W or a Z boson and decaying to bottom quarks}",
      journal        = "Phys. Rev. D 89 012003",
      year           = "2014",
      doi            = arXiv:1310.3687
}



@misc{budker,
      author         = "D. Budker",
      title          = " ",
      year           = "2006",
      doi            =  "arXiv:physics/0608246",
      howpublished   =  "\href{https://arxiv.org/abs/physics/0608246}{arXiv:physics/0608246}",
      note = "[Online]"
}


